@ARTICLE{Deep-colorization,
   author = {{Cheng}, Z. and {Yang}, Q. and {Sheng}, B.},
    title = "{Deep Colorization}",
  journal = {ArXiv e-prints},
archivePrefix = "arXiv",
   eprint = {1605.00075},
 primaryClass = "cs.CV",
 keywords = {Computer Science - Computer Vision and Pattern Recognition},
     year = 2016,
    month = apr,
   adsurl = {http://adsabs.harvard.edu/abs/2016arXiv160500075C},
  adsnote = {Provided by the SAO/NASA Astrophysics Data System}
}

@ARTICLE{Deep-supervision,
   author = {{Lee}, C.-Y. and {Xie}, S. and {Gallagher}, P. and {Zhang}, Z. and 
	{Tu}, Z.},
    title = "{Deeply-Supervised Nets}",
  journal = {ArXiv e-prints},
archivePrefix = "arXiv",
   eprint = {1409.5185},
 primaryClass = "stat.ML",
 keywords = {Statistics - Machine Learning, Computer Science - Learning, Computer Science - Neural and Evolutionary Computing},
     year = 2014,
    month = sep,
   adsurl = {http://adsabs.harvard.edu/abs/2014arXiv1409.5185L},
  adsnote = {Provided by the SAO/NASA Astrophysics Data System}
}

@Article{Duck:2005,
  author =   {Duck, Donald},
  title =    {The History of Automatic Control},
  journal =  {Duckburg Journal of Science},
  year =     2005,
  volume =   106,
  number =   3,
  pages =    {345--401},
}

@Article{Doe:2008:random,
  author =   {Doe, John and Gauß, Carl Friedrich},
  title =    {Early work on random distributions},
  journal =  {Dückenburg Journal of Random Stuff},
  year =     2008,
  volume =   3,
  number =   14,
  pages =    {159--265},
}

@Article{Doe:2009:stats,
  author =   {Doe, John and the Dealer, Jonny},
  title =    {Some tragic numbers from cars deals in Uppsala},
  journal =  {Duckburg Journal of Commerce},
  year =     2009,
  volume =   3,
  number =   2,
  pages =    {1--3},
}

@Article{Doe:2009:thoughts,
  author =   {Doe, John},
  title =    {Some thoughts on cars and markets},
  journal =  {Duckburg Journal of Commerce},
  year =     2009,
  volume =   3,
  number =   1,
  pages =    {13--18},
}

@Book{Rugh96LinearSystemsBook,
  author = {Rugh, Wilson J.},
  title = {Linear system theory},
  edition = {Second},
  publisher = {Prentice-Hall, Inc.},
  year = {1996},
}

@Book{Khalil02NonlinearSystemsBook,
  author = {Khalil, Hassan K.},
  title = {Nonlinear systems},
  publisher = {Prentice Hall, Inc.},
  edition = {Third},
  year = {2002},
}

@article{Mori07Tables,
author = {Mori, Lapo Filippo},
title = {Tables in {\LaTeXe}: Packages and methods},
journal = {The {Prac\TeX} Journal},
year = {2007},
volume = {2007},
number = {1},
url = {http://tug.org/pracjourn/2007-1/mori},
}

@article{RyckoJackowski93TeXIndentPar,
  author = {Ryćko, Marek and Jackowski, Bugosław},
  title = {{\TeX} from {\textbackslash}indent to {\textbackslash}par},
  journal = {TUGboat},
  volume = {14},
  year = {1993},
  number = {3},
  url = {http://www.tug.org/TUGboat/Articles/tb14-3/tb40rycko.pdf},
}
